@article{SIAM:Applebaum13,
  author    = {Benny Applebaum},
  title     = {Pseudorandom Generators with Long Stretch and Low Locality from Random
               Local One-Way Functions},
  journal   = {{SIAM} J. Comput.},
  volume    = {42},
  number    = {5},
  pages     = {2008--2037},
  year      = {2013}
}

@inproceedings{ow14,
  title={Goldreich's PRG: evidence for near-optimal polynomial stretch},
  author={ODonnell, Ryan and Witmer, David},
  booktitle={Computational Complexity (CCC), 2014 IEEE 29th Conference on},
  pages={1--12},
  year={2014},
  organization={IEEE}
}

@article{pollard1975monte,
  title={A MONTE OARLO METHOD FOR FACTORIZATION},
  author={POLLALRD, JM},
  year={1975}
}

@misc{https://doi.org/10.48550/arxiv.1711.04062,
  doi = {10.48550/ARXIV.1711.04062},
  
  url = {https://arxiv.org/abs/1711.04062},
  
  author = {De Feo, Luca},
  
  keywords = {Cryptography and Security (cs.CR), Number Theory (math.NT), FOS: Computer and information sciences, FOS: Computer and information sciences, FOS: Mathematics, FOS: Mathematics},
  
  title = {Mathematics of Isogeny Based Cryptography},
  
  publisher = {arXiv},
  
  year = {2017},
  
  copyright = {Creative Commons Attribution Non Commercial Share Alike 4.0 International}
}

@Manual{Granlund12,
  title = 	 "{GNU MP}: {T}he {GNU} {M}ultiple {P}recision
 		  {A}rithmetic {L}ibrary",
  author = "Torbj√∂rn Granlund and {the GMP development team}",
  edition = 	 "5.0.5",
  year = 	 2012,
  note = "\url{http://gmplib.org/}"
 }

 @manual{EFD,
   author       = {Daniel J. Bernstein and Tanja Lange},
   title        = {Explicit-Formulas Database},
   year         = 2007,
   note = "\url{https://www.hyperelliptic.org/EFD/index.html}"
 }

 @book{Silverman,
author = {Silverman, Joseph},
year = {2009},
month = {01},
pages = {},
title = {The Arithmetic of Elliptic Curves},
volume = {106},
isbn = {978-0-387-09493-9},
journal = {In: Graduate Texts in Mathematics},
doi = {10.1007/978-0-387-09494-6}
}